<record>
	<leader>01203cam a2200301 i 4500</leader>
	<controlfield tag="001">4126221</controlfield>
	<controlfield tag="005">20091103124509.0</controlfield>
	<controlfield tag="008">780503r19781907nyuaf b 011 0 eng  </controlfield>
	<datafield tag="035" ind1=" " ind2=" ">
		<subfield code="9">(DLC) 76044683</subfield>
	</datafield>
	<datafield tag="906" ind1=" " ind2=" ">
		<subfield code="a">7</subfield>
		<subfield code="b">cbc</subfield>
		<subfield code="c">orignew</subfield>
		<subfield code="d">1</subfield>
		<subfield code="e">ocip</subfield>
		<subfield code="f">19</subfield>
		<subfield code="g">y-gencatlg</subfield>
	</datafield>
	<datafield tag="010" ind1=" " ind2=" ">
		<subfield code="a"> 76044683 </subfield>
	</datafield>
	<datafield tag="020" ind1=" " ind2=" ">
		<subfield code="a">1234567890</subfield>
	</datafield>
	<datafield tag="040" ind1=" " ind2=" ">
		<subfield code="a">DLC</subfield>
		<subfield code="c">DLC</subfield>
		<subfield code="d">DLC</subfield>
	</datafield>
	<datafield tag="050" ind1="0" ind2="0">
		<subfield code="a">GN325</subfield>
		<subfield code="b">.A55 1978</subfield>
	</datafield>
	<datafield tag="082" ind1="0" ind2="0">
		<subfield code="a">301</subfield>
	</datafield>
	<datafield tag="245" ind1="0" ind2="0">
		<subfield code="a">Test Title Test</subfield>
		<subfield code="c">by H. Balfour ... [et al.] ; with a bibliography by Barbara W. Freire-Marreco.</subfield>
	</datafield>
	<datafield tag="250" ind1=" " ind2=" ">
		<subfield code="a">1. Auflage 2019</subfield>
	</datafield>
	<datafield tag="260" ind1=" " ind2=" ">
		<subfield code="a">Testort</subfield>
		<subfield code="b">Verlag XYZ</subfield>
		<subfield code="c">2019</subfield>
	</datafield>
	<datafield tag="300" ind1=" " ind2=" ">
		<subfield code="a">viii, 416 p., [7] leaves of plates :</subfield>
		<subfield code="b">ill. ;</subfield>
		<subfield code="c">24 cm.</subfield>
	</datafield>
	<datafield tag="500" ind1=" " ind2=" ">
		<subfield code="a">Reprint of the 1907 ed. published by the Clarendon Press, Oxford.</subfield>
	</datafield>
	<datafield tag="504" ind1=" " ind2=" ">
		<subfield code="a">"A bibliography of Edward Burnett Tylor, by Barbara W. Freire-Marreco": p. 413-415.</subfield>
	</datafield>
	<datafield tag="500" ind1=" " ind2=" ">
		<subfield code="a">Includes index.</subfield>
	</datafield>
	<datafield tag="650" ind1=" " ind2="0">
		<subfield code="a">Ethnology.</subfield>
	</datafield>
	<datafield tag="650" ind1=" " ind2="0">
		<subfield code="a">Anthropology.</subfield>
	</datafield>
	<datafield tag="600" ind1="1" ind2="0">
		<subfield code="a">Tylor, Edward B.</subfield>
		<subfield code="q">(Edward Burnett),</subfield>
		<subfield code="d">1832-1917.</subfield>
	</datafield>
	<datafield tag="700" ind1="1" ind2=" ">
		<subfield code="a">Tylor, Edward B.</subfield>
		<subfield code="q">(Edward Burnett),</subfield>
		<subfield code="d">1832-1917.</subfield>
	</datafield>
	<datafield tag="700" ind1="1" ind2=" ">
		<subfield code="a">Balfour, Henry,</subfield>
		<subfield code="d">1863-1939.</subfield>
	</datafield>
	<datafield tag="991" ind1=" " ind2=" ">
		<subfield code="b">c-GenColl</subfield>
		<subfield code="h">GN325</subfield>
		<subfield code="i">.A55 1978</subfield>
		<subfield code="t">Copy 1</subfield>
		<subfield code="w">BOOKS</subfield>
	</datafield>
</record>